@book{Guo2008Electrodynamics,
  title={电动力学.第3版},
  author={郭硕鸿},
  publisher={高等教育出版社},
  year={2008},
}